@phdthesis{shaw:2016,
  author       = {Shaw, Laurence M}, 
  title        = {{SIR} epidemics in a population of households},
  school       = {University of Nottingham},
  year         = {2016},
}

@misc{ferguson:2020,
author = {Neil M Ferguson and  Daniel Laydon and  Gemma Nedjati-Gilani and
	Natsuko Imai and  Kylie Ainslie and  Marc Baguelin and  Sangeeta Bhatia
		and  Adhiratha Boonyasiri and  Zulma Cucunub\'{a} and Gina
		Cuomo-Dannenburg and  Amy Dighe and  Ilaria Dorigatti and  Han
		Fu and  Katy Gaythorpe and  Will Green and  Arran Hamlet and
		Wes Hinsley and  Lucy C Okell and  Sabine van Elsland and
		Hayley Thompson and  Robert Verity and  Erik Volz and  Haowei
		Wang and  Yuanrong Wang and  Patrick GT Walker and  Caroline
		Walters and  Peter Winskill and  Charles Whittaker and  Christl
		A Donnelly and  Steven Riley and  Azra C Ghani},
title = {Report 9: Impact of non-pharmaceutical interventions ({NPI}s) to
	reduce {COVID-19} mortality and healthcare demand},
note =
{https://www.imperial.ac.uk/mrc-global-infectious-disease-analysis/news--wuhan-coronavirus/},
year = {2020},
}

@article{Ball:1999,
title = {Stochastic and deterministic models for {SIS} epidemics among a
	population partitioned into households},
journal = {Mathematical Biosciences},
volume = {156},
number = {1},
pages = {41-67},
year = {1999},
author = {Frank Ball},
}

@article{House:2008,
title = {Deterministic epidemic models with explicit household structure},
journal = {Mathematical Biosciences},
volume = {213},
number = {1},
pages = {29-39},
year = {2008},
author = {Thomas House and Matt J. Keeling},
}

@article{Black:2017,
title = {Characterising pandemic severity and transmissibility from data
	collected during first few hundred studies},
journal = {Epidemics},
volume = {19},
pages = {61-73},
year = {2017},
author = {Andrew J. Black and Nicholas Geard and James M. McCaw and Jodie
	McVernon and Joshua V. Ross},
}

@article{Kinyanjui:2018,
    author = {Kinyanjui, Timothy AND Middleton, Jo AND G\"{u}ttel, Stefan AND
	    Cassell, Jackie AND Ross, Joshua AND House, Thomas},
    journal = {PLOS Computational Biology},
    title = {Scabies in residential care homes: Modelling, inference and
	    interventions for well-connected population sub-units},
    year = {2018},
    volume = {14},
    pages = {e1006046},
    number = {3},
}

